@STRING{PT = {Prentice-Hall}}
@STRING{CVPR = {CVPR}}
@STRING{ismir = {Proceedings of International Conference on Music Information Retrieval}}
@STRING{ieeetcsad = {IEEE Transactions Circuits Systems~II: Analog and Digital Signal Processing}}
%@STRING{IJCV = {International Journal of Computer Vision}}
@STRING{IJCV = {IJCV}}
@STRING{IVC = {IVC}}
%@STRING{PAMI = {IEEE Trans. on Pattern Analysis and Machine Intelligence}}
@STRING{PAMI = {PAMI}}
@STRING{ICCV = {ICCV}}
@STRING{ECCV = {ECCV}}
@STRING{prl = {Pattern Recognition Letters}}
@STRING{vldb = {Proceedings of International Conference on Very Large Databases}}
@STRING{ICML = {ICML}}
@STRING{NIPS = {NIPS}}
@STRING{AIJ = "Artificial Intelligence"}
@STRING{IJCAI = {IJCAI}}%"Proc. Int. Joint Conf. on Art. Intell."}
@STRING{BMVC = {BMVC}}
@STRING{AAAI = {AAAI}}

@article{lee2011,
 author = {J. Lee and K. Lee and S. Park and S. Im and J. Park},
 title = {{O}bstacle avoidance for small {UAV}s using monocular vision},
 journal = {Aircraft Engineering and Aerospace Technology},
 volume = {83},
 number = {6},
 pages = {397--406},
 year = {2011},
 }
 
 @article{weiss2011,
 author = {S. Weiss and D. Scaramuzza and R. Siegwart},
 title = {{M}onocular--{SLAM}--based navigation for autonomous micro helicopters in {GPS}--denied environments},
 journal = {Journal of Field Robotics},
 volume = {28},
 number = {6},
 pages = {854--874},
 year = {2011},
 }


@article{lowe2004,
 author = {David G. Lowe},
 title = {Distinctive Image Features from Scale-Invariant Keypoints},
 journal = IJCV,
 volume = {60},
 number = {2},
 year = {2004},
 pages = {91--110},
 }
 
 @InProceedings{klein07parallel,
  author =	 {Georg Klein and David Murray},
  title =	 {Parallel Tracking and Mapping for Small {AR} Workspaces},
  booktitle =	 {Proc. Sixth {IEEE} and {ACM} International Symposium
                  on Mixed and Augmented Reality {(ISMAR'07)}},
  year =	 2007,
  month =	 {November},
  address =	 {Nara, Japan}
}

@InProceedings{ha2012,
  author = {Jincheol Ha and Ramachandra Sattigeri},
  title = {{V}ision-Based Obstacle Avoidance Based on Monocular {SLAM} and Image Segmentation for {UAV}s},
  booktitle =	 {Proc. AIAA Infotech@Aerospace Conference},
  year =         2012,
  month =	 {June},
  address =	 {Garden Grove, CA}
 }
 
 @inproceedings{huang2011isrr,
    author = {Albert S. Huang and Abraham Bachrach and Peter Henry and Michael Krainin and Daniel Maturana and Dieter Fox and Nicholas Roy},
    title = {Visual Odometry and Mapping for Autonomous Flight Using an {RGB-D} Camera},
    booktitle = {{Int. Symposium on Robotics Research (ISRR)}},
    month = {Aug.},
    year = {2011},
    address = {Flagstaff, Arizona, USA}
}

@InProceedings{shah2010,
  author = {Syed Irtiza Ali Shah and Suresh Kannan and Eric Norman Johnson},
  title = {Motion Estimation for Obstacle Detection and Avoidance Using a Single Camera for {UAV}s/Robots},
  booktitle =	 {Proc. AIAA Guidance, Navigation, and Control Conference},
  year =         2010,
  month =	 {August},
  address =	 {Toronto, Canada}
 }
 
 @InProceedings{shah2009,
  author = {Syed Irtiza Ali Shah and Eric Norman Johnson},
  title = {3{D} Obstacle Detection Using a Single Camera},
  booktitle =	 {Proc. AIAA Guidance, Navigation, and Control Conference},
  year =         2009,
  month =	 {August},
 }

 @article{horn1981,
 author = {B.K.P. Horn and B.G. Schunck},
 title = {Determining Optical Flow},
 journal = AIJ,
 volume = {17},
 number = {1--3},
 year = {1981},
 pages = {185--203},
 }
 
 @InProceedings{BSW05,
  author =   {M. Brown and R. Szeliski and S. Winder},
  title =    {Multi-Image Matching using Multi-Scale Oriented Patches},
  booktitle = CVPR,
  OPTpages =     {510-517},
  year =     {2005},
  address =      {San Diego},
  month =    {June},
}

@InProceedings{johnson2005,
  author =   {Andrew Johnson and James Montgomery and Larry Matthies},
  title =    {Vision Guided Landing of an Autonomous Helicopter in Hazardous Terrain},
  booktitle = {IEEE International Conference on Robotics and Automation},
  year =     {2005},
  address =      {Barcelona, Spain},
  month =    {April},
}

@InProceedings{flann2009,
    author = {Marius Muja and David G. Lowe},
    title = {Fast Approximate Nearest Neighbors with Automatic Algorithm Configuration},
    booktitle = {International Conference on Computer Vision Theory and Application VISSAPP'09},
    publisher = {INSTICC Press},
    year = {2009},
    pages = {331-340}
}

@techreport{inria2007,
    author = {Ezio Malis and Manuel Vargas},
    title = {Deeper understanding of the homography decomposition for vision-based control},
    year = {2007}
}

 @article{suzuki1985,
 author = {S. Suzuki and K. Abe},
 title = {Topological Structural Analysis of Digitized Binary Images by Border Following},
 journal = CVGIP,
 volume = {30},
 number = {1},
 year = {1985},
 pages = {32--46},
 }
 
 @article{canny1986,
 author = {John Canny},
 title = {Computational approach to edge detection},
 journal = PAMI,
 volume = {8},
 number = {6},
 year = {1986},
 pages = {679--698},
 }

@inproceedings{dellaert2000,
  author = {Dellaert, F. and Seitz, S.M. and Thorpe, C.E. and Thrun, S.},
  booktitle = {Computer Vision and Pattern Recognition, 2000. Proceedings. IEEE Conference on},
  title = {Structure from motion without correspondence},
  year = 2000,
  volume = 2,
  pages = {557-564 vol.2},
}

@inproceedings{engel2012a,
  author = {Engel, J. and Sturm, J. and Cremers, D.},
  booktitle = {Intelligent Robots and Systems (IROS), 2012 IEEE/RSJ International Conference on},
  title = {Camera-based navigation of a low-cost quadrocopter}, 
  year = {2012},
  pages = {2815-2821}
}

@inproceedings{engel2012b,
  author = {Engel, J. and Sturm, J. and Cremers, D.},
  title = {Accurate Figure Flying with a Quadrocopter Using Onboard Visual and Intertial sensing},
  year = {2012},
  journal = {IMU},
  volume = {320},
  pages = {240}
}

@misc{opencv,
  title = {Open{CV}},
  howpublished = {\url{http://opencv.org/}},
  note = {Accessed: 2013-05-06}
}

@misc{ptamcode,
  title = {Parallel Tracking and Mapping for Small AR Workspaces},
  howpublished = {\url{http://www.robots.ox.ac.uk/~gk/PTAM/}},
  note = {Accessed: 2013-05-06}
}

@misc{ros,
  title = {Robot {O}perating {S}ystem},
  howpublished = {\url{http://www.ros.org/}},
  note = {Accessed: 2013-05-06}
}

@misc{ardroneautonomy,
  title = {ardrone\_autonomy},
  howpublished = {\url{https://github.com/AutonomyLab/ardrone_autonomy}},
  note = {Accessed: 2013-05-06}
}

@misc{ethzaslptam,
  title = {ethzasl\_ptam},
  howpublished = {\url{http://ros.org/wiki/ethzasl_ptam/}},
  note = {Accessed: 2013-05-06}
}

@misc{tumardrone,
  title = {tum\_ardrone},
  howpublished = {\url{http://www.ros.org/wiki/tum_ardrone}},
  note = {Accessed: 2013-05-06}
}

@misc{vlfeat,
  title = {{VLF}eat},
  howpublished = {\url{http://www.vlfeat.org/}},
  note = {Accessed: 2013-05-06}
}
